@misc{sun2024zkllm,
      title={zkLLM: Zero Knowledge Proofs for Large Language Models}, 
      author={Haochen Sun and Jason Li and Hongyang Zhang},
      year={2024},
      eprint={2404.16109},
      archivePrefix={arXiv},
      primaryClass={cs.LG}
}

@inproceedings{huang2024fast,
  title={A Fast, Performant, Secure Distributed Training Framework For LLM},
  author={Huang, Wei and Wang, Yinggui and Cheng, Anda and Zhou, Aihui and Yu, Chaofan and Wang, Lei},
  booktitle={ICASSP 2024-2024 IEEE International Conference on Acoustics, Speech and Signal Processing (ICASSP)},
  pages={4800--4804},
  year={2024},
  organization={IEEE}
}

@misc{cryptoeprint:2023/1269,
      author = {Kanav Gupta and Neha Jawalkar and Ananta Mukherjee and Nishanth Chandran and Divya Gupta and Ashish Panwar and Rahul Sharma},
      title = {{SIGMA}: Secure {GPT} Inference with Function Secret Sharing},
      howpublished = {Cryptology ePrint Archive, Paper 2023/1269},
      year = {2023},
      url = {https://eprint.iacr.org/2023/1269}
}

@article{chang2023natural,
  title={Natural Language Processing: Recent Development and Applications},
  author={Chang, Kuei-Hu},
  journal={Applied Sciences},
  volume={13},
  number={20},
  pages={11395},
  year={2023},
  publisher={MDPI}
}

@article{sun2024trustllm,
  title={Trustllm: Trustworthiness in large language models},
  author={Sun, Lichao and Huang, Yue and Wang, Haoran and Wu, Siyuan and Zhang, Qihui and Gao, Chujie and Huang, Yixin and Lyu, Wenhan and Zhang, Yixuan and Li, Xiner and others},
  journal={arXiv preprint arXiv:2401.05561},
  year={2024}
}

@article{chen2023federated,
  title={Federated large language model: A position paper},
  author={Chen, Chaochao and Feng, Xiaohua and Zhou, Jun and Yin, Jianwei and Zheng, Xiaolin},
  journal={arXiv preprint arXiv:2307.08925},
  year={2023}
}

@article{zhao2023survey,
  title={A survey of large language models},
  author={Zhao, Wayne Xin and Zhou, Kun and Li, Junyi and Tang, Tianyi and Wang, Xiaolei and Hou, Yupeng and Min, Yingqian and Zhang, Beichen and Zhang, Junjie and Dong, Zican and others},
  journal={arXiv preprint arXiv:2303.18223},
  year={2023}
}

@inproceedings{ouyang2022training,
 author = {Ouyang, Long and Wu, Jeffrey and Jiang, Xu and Almeida, Diogo and Wainwright, Carroll and Mishkin, Pamela and Zhang, Chong and Agarwal, Sandhini and Slama, Katarina and Ray, Alex and Schulman, John and Hilton, Jacob and Kelton, Fraser and Miller, Luke and Simens, Maddie and Askell, Amanda and Welinder, Peter and Christiano, Paul F and Leike, Jan and Lowe, Ryan},
 booktitle = {Advances in Neural Information Processing Systems},
 editor = {S. Koyejo and S. Mohamed and A. Agarwal and D. Belgrave and K. Cho and A. Oh},
 pages = {27730--27744},
 publisher = {Curran Associates, Inc.},
 title = {Training language models to follow instructions with human feedback},
 volume = {35},
 year = {2022}
}

@article{anil2023palm,
  title={Palm 2 technical report},
  author={Anil, Rohan and Dai, Andrew M and Firat, Orhan and Johnson, Melvin and Lepikhin, Dmitry and Passos, Alexandre and Shakeri, Siamak and Taropa, Emanuel and Bailey, Paige and Chen, Zhifeng and others},
  journal={arXiv preprint arXiv:2305.10403},
  year={2023}
}

@article{achiam2023gpt,
  title={Gpt-4 technical report},
  author={Achiam, Josh and Adler, Steven and Agarwal, Sandhini and Ahmad, Lama and Akkaya, Ilge and Aleman, Florencia Leoni and Almeida, Diogo and Altenschmidt, Janko and Altman, Sam and Anadkat, Shyamal and others},
  journal={arXiv preprint arXiv:2303.08774},
  year={2023}
}

@article{hu2021lora,
  title={Lora: Low-rank adaptation of large language models},
  author={Hu, Edward J and Shen, Yelong and Wallis, Phillip and Allen-Zhu, Zeyuan and Li, Yuanzhi and Wang, Shean and Wang, Lu and Chen, Weizhu},
  journal={arXiv preprint arXiv:2106.09685},
  year={2021}
}

@inproceedings{dettmers2024qlora,
 author = {Dettmers, Tim and Pagnoni, Artidoro and Holtzman, Ari and Zettlemoyer, Luke},
 booktitle = {Advances in Neural Information Processing Systems},
 editor = {A. Oh and T. Naumann and A. Globerson and K. Saenko and M. Hardt and S. Levine},
 pages = {10088--10115},
 publisher = {Curran Associates, Inc.},
 title = {QLoRA: Efficient Finetuning of Quantized LLMs},
 volume = {36},
 year = {2023}
}

@inproceedings{barham2022pathways,
 author = {Barham, Paul and Chowdhery, Aakanksha and Dean, Jeff and Ghemawat, Sanjay and Hand, Steven and Hurt, Daniel and Isard, Michael and Lim, Hyeontaek and Pang, Ruoming and Roy, Sudip and Saeta, Brennan and Schuh, Parker and Sepassi, Ryan and Shafey , Laurent  and Thekkath, Chandu and Wu, Yonghui},
 booktitle = {Proceedings of Machine Learning and Systems},
 editor = {D. Marculescu and Y. Chi and C. Wu},
 pages = {430--449},
 title = {Pathways: Asynchronous Distributed Dataflow for ML},
 url = {https://proceedings.mlsys.org/paper_files/paper/2022/file/37385144cac01dff38247ab11c119e3c-Paper.pdf},
 volume = {4},
 year = {2022}
}

@misc{apple,
  title = {Platforms State of the Union - {WWDC} 2024},
  url = {https://developer.apple.com/videos/play/wwdc2024/102/},
  year = {2024},
  author = {{Apple Inc.}},
}

@article{transformer,
  title={Attention is all you need},
  author={Vaswani, Ashish and Shazeer, Noam and Parmar, Niki and Uszkoreit, Jakob and Jones, Llion and Gomez, Aidan N and Kaiser, {\L}ukasz and Polosukhin, Illia},
  journal={Advances in neural information processing systems},
  volume={30},
  year={2017}
}

@article{naveed2023comprehensive,
  title={A comprehensive overview of large language models},
  author={Naveed, Humza and Khan, Asad Ullah and Qiu, Shi and Saqib, Muhammad and Anwar, Saeed and Usman, Muhammad and Barnes, Nick and Mian, Ajmal},
  journal={arXiv preprint arXiv:2307.06435},
  year={2023}
}

@inproceedings{NEURIPS2021_27545182,
 author = {Knott, Brian and Venkataraman, Shobha and Hannun, Awni and Sengupta, Shubho and Ibrahim, Mark and van der Maaten, Laurens},
 booktitle = {Advances in Neural Information Processing Systems},
 editor = {M. Ranzato and A. Beygelzimer and Y. Dauphin and P.S. Liang and J. Wortman Vaughan},
 pages = {4961--4973},
 publisher = {Curran Associates, Inc.},
 title = {CrypTen: Secure Multi-Party Computation Meets Machine Learning},
 url = {https://proceedings.neurips.cc/paper_files/paper/2021/file/2754518221cfbc8d25c13a06a4cb8421-Paper.pdf},
 volume = {34},
 year = {2021}
}

@inproceedings{boyle2016function,
  title={Function secret sharing: Improvements and extensions},
  author={Boyle, Elette and Gilboa, Niv and Ishai, Yuval},
  booktitle={Proceedings of the 2016 ACM SIGSAC Conference on Computer and Communications Security},
  pages={1292--1303},
  year={2016}
}

@article{tramer2018slalom,
  title={Slalom: Fast, verifiable and private execution of neural networks in trusted hardware},
  author={Tramer, Florian and Boneh, Dan},
  journal={arXiv preprint arXiv:1806.03287},
  year={2018}
}

@inproceedings{chen2024zkml,
  title={ZKML: An Optimizing System for ML Inference in Zero-Knowledge Proofs},
  author={Chen, Bing-Jyue and Waiwitlikhit, Suppakit and Stoica, Ion and Kang, Daniel},
  booktitle={Proceedings of the Nineteenth European Conference on Computer Systems},
  pages={560--574},
  year={2024}
}