 
@TechReport{nist,
  author      = {Grassi, Paul A and Garcia, Michael E and Fenton, James L},
  institution = {National Institute of Standards and Technology},
  title       = {Digital identity guidelines: revision 3},
  year        = {2020},
  address     = {Gaithersburg, MD},
  month       = mar,
  type        = {techreport},
  doi         = {10.6028/nist.sp.800-63-3},
}


@article{pkix,
  title={Internet {X. 509} public key infrastructure certificate and CRL profile},
  author={Solo, David and Housley, Russell and Ford, Warwick and Polk, T},
  journal={Internet Engineering Task Force, Networking Group},
  year={1999},
  publisher={Citeseer}
}

@ARTICLE{pkixsurvey,
  author={Khan, Salabat and Luo, Fei and Zhang, Zijian and Ullah, Farhan and Amin, Farhan and Qadri, Syed Furqan and Heyat, Md Belal Bin and Ruby, Rukhsana and Wang, Lu and Ullah, Shamsher and Li, Meng and Leung, Victor C. M. and Wu, Kaishun},
  journal={IEEE Communications Surveys \& Tutorials}, 
  title={A Survey on X.509 Public-Key Infrastructure, Certificate Revocation, and Their Modern Implementation on Blockchain and Ledger Technologies}, 
  year={2023},
  volume={25},
  number={4},
  pages={2529-2568},
  keywords={Internet;Proposals;Surveys;Cryptography;Public key;Measurement;Cyberattack;Blockchain;privacy;revocation;ledger technology;public-key infrastructure (PKI)},
  doi={10.1109/COMST.2023.3323640}}

@article{ellison2000ten,
  title={Ten risks of PKI: What you're not being told about public key infrastructure},
  author={Ellison, Carl and Schneier, Bruce},
  journal={Comput Secur J},
  volume={16},
  number={1},
  pages={1--7},
  year={2000}
}

@misc{dpki,
    author = {weboftrust.info},
    title = {Decentralized Public Key Infrastructure},
    url = {https://www.weboftrust.info/papers/#pki},
    year = {2015},
}

@misc{dpkisota,
  author = {Nitesh Kartha},
  title = {An Overview of Distributed Public Key Infrastructures ({DPKI}s)},
  url = {https://www.cs.utexas.edu/~dwu4/courses/sp22/static/projects/Kartha.pdf},
  year = {2022},
}

@misc{dumitrescu2024failures,
      title={Failures of public key infrastructure: 53 year survey}, 
      author={Adrian-Tudor Dumitrescu and Johan Pouwelse},
      year={2024},
      eprint={2401.05239},
      archivePrefix={arXiv},
      primaryClass={cs.DC}
}

@Misc{sdsi,
  author = {Rivest, R. and Lampson, B.},
  title  = {{SDSI} - a simple distributed security infrastructure},
  year   = {1996},
  url    = {https://people.csail.mit.edu/rivest/sdsi10.html},
}

@InProceedings{patsonakis2018towards,
  author       = {Patsonakis, Christos and Samari, Katerina and Roussopoulos, Mema and Kiayias, Aggelos},
  booktitle    = {Cryptology and Network Security: 16th International Conference, CANS 2017, Hong Kong, China, November 30—December 2, 2017, Revised Selected Papers 16},
  title        = {Towards a smart contract-based, decentralized, public-key infrastructure},
  year         = {2018},
  organization = {Springer},
  pages        = {299--321},
}

 
@Article{Gupta2023,
  author    = {Gupta, Medini and Tanwar, Sarvesh and Bhatia, Tarandeep Kaur and Badotra, Sumit and Hu, Yu-Chen},
  journal   = {Multimedia Tools and Applications},
  title     = {A comparative study on blockchain-based distributed public key infrastructure for {IoT} applications},
  year      = {2023},
  issn      = {1573-7721},
  month     = sep,
  number    = {12},
  pages     = {35471--35496},
  volume    = {83},
  doi       = {10.1007/s11042-023-16970-x},
  publisher = {Springer Science and Business Media LLC},
}

 
@Book{Ellison1999,
  author = {Ellison, C. and Frantz, B. and Lampson, B. and Rivest, R. and Thomas, B. and Ylonen, T.},
  title  = {{SPKI} Certificate Theory},
  year   = {1999},
  month  = sep,
  doi    = {10.17487/rfc2693},
  school = {RFC Editor},
}

 
@InProceedings{Szalachowski2016,
  author    = {Szalachowski, Pawel and Chuat, Laurent and Perrig, Adrian},
  booktitle = {2016 IEEE European Symposium on Security and Privacy (EuroS P)},
  title     = {{PKI Safety Net (PKISN)}: Addressing the Too-Big-to-Be-Revoked Problem of the {TLS} Ecosystem},
  year      = {2016},
  month     = mar,
  publisher = {IEEE},
  doi       = {10.1109/eurosp.2016.38},
}

 
@InProceedings{Patsonakis2019,
  author    = {Patsonakis, Christos and Samari, Katerina and Kiayiasy, Aggelos and Roussopoulos, Mema},
  booktitle = {2019 IEEE International Conference on Decentralized Applications and Infrastructures (DAPPCON)},
  title     = {On the Practicality of a Smart Contract {PKI}},
  year      = {2019},
  month     = apr,
  publisher = {IEEE},
  doi       = {10.1109/dappcon.2019.00022},
}

@inproceedings{an2018qchain,
  title={{QChain}: Quantum-resistant and decentralized {PKI} using Blockchain},
  author={An, Hyeongcheol and Kim, Kwangjo},
  booktitle={2018 Symposium on Cryptography and Information Security (SCIS 2018)},
  year={2018},
  organization={IEICE Technical Committee on Information Security}
}

@Book{Ellison1999,
  author = {Ellison, C. and Frantz, B. and Lampson, B. and Rivest, R. and Thomas, B. and Ylonen, T.},
  title  = {{SPKI} Certificate Theory},
  year   = {1999},
  month  = sep,
  doi    = {10.17487/rfc2693},
  school = {RFC Editor},
}

@InProceedings{ntt,
author={G{\"u}neysu, Tim
and Oder, Tobias
and P{\"o}ppelmann, Thomas
and Schwabe, Peter},
editor={Gaborit, Philippe},
title={Software Speed Records for Lattice-Based Signatures},
booktitle={Post-Quantum Cryptography},
year={2013},
publisher={Springer Berlin Heidelberg},
address={Berlin, Heidelberg},
pages={67--82},
isbn={978-3-642-38616-9}
}

 
@InBook{Faisal2022,
  author    = {Faisal, Abu and Zulkernine, Mohammad},
  pages     = {23--43},
  publisher = {Springer Nature Switzerland},
  title     = {DKS-PKI: A Distributed Key Server Architecture for Public Key Infrastructure},
  year      = {2022},
  isbn      = {9783031236907},
  booktitle = {Lecture Notes in Computer Science},
  doi       = {10.1007/978-3-031-23690-7_2},
  issn      = {1611-3349},
}

@Comment{jabref-meta: databaseType:bibtex;}
