@article{li2023survey,
  title={A survey of secure computation using trusted execution environments},
  author={Li, Xiaoguo and Zhao, Bowen and Yang, Guomin and Xiang, Tao and Weng, Jian and Deng, Robert H},
  journal={arXiv preprint arXiv:2302.12150},
  year={2023}
}

@Misc{tdx,
  author = {Intel},
  month  = feb,
  title  = {{Intel Trust Domain Extensions}},
  year   = {2022},
  url    = {https://cdrdv2.intel.com/v1/dl/getContent/690419},
}

@Misc{snp,
  author = {AMD},
  title  = {{AMD SEV-SNP}: Strengthening VM Isolation with Integrity Protection and More},
  url    = {https://www.amd.com/system/files/TechDocs/SEV-SNP-strengthening-vm-isolation-with-integrity-protection-and-more.pdf},
  year = {2020},
  month = jan,
}

@Misc{cca,
  author = {Arm},
  month  = jun,
  title  = {Learn the architecture - Introducing Arm Confidential Compute Architecture},
  year   = {2023},
  url    = {https://developer.arm.com/documentation/den0125/0300/},
}

@inproceedings {penglai,
  author = {Erhu Feng and Xu Lu and Dong Du and Bicheng Yang and Xueqiang Jiang and Yubin Xia and Binyu Zang and Haibo Chen},
  title = {Scalable Memory Protection in the {PENGLAI} Enclave},
  booktitle = {15th {USENIX} Symposium on Operating Systems Design and Implementation ({OSDI} 21)},
  year = {2021},
  isbn = {978-1-939133-22-9},
  pages = {275--294},
  url = {https://www.usenix.org/conference/osdi21/presentation/feng},
  publisher = {{USENIX} Association},
  month = jul
}

@article{paradvzik2024formal,
  title={Formal Security Analysis of the AMD SEV-SNP Software Interface},
  author={Parad{\v{z}}ik, Petar and Derek, Ante and Horvat, Marko},
  journal={arXiv preprint arXiv:2403.10296},
  year={2024}
}

@inproceedings{wang2024cage,
title={CAGE: Complementing Arm CCA with GPU Extensions},
author={Wang, Chenxu and Zhang, Fengwei and Deng, Yunjie and Leach, Kevin and Cao, Jiannong and Ning, Zhenyu and Yan, Shoumeng and He, Zhengyu},
booktitle={Proceedings of the 31st Annual Network and Distributed System Security Symposium},
year={2024}
}

@misc{armcca,
  title = {Arm CCA Security Model 1.0},
  author = {Arm},
  url = {https://developer.arm.com/documentation/DEN0096/latest/},
  year = {2021},
  month = aug,
}

@article{geppert2022trusted,
  title={Trusted execution environments: Applications and organizational challenges},
  author={Geppert, Tim and Deml, Stefan and Sturzenegger, David and Ebert, Nico},
  journal={Frontiers in Computer Science},
  volume={4},
  pages={930741},
  year={2022},
  publisher={Frontiers Media SA}
}

@article{russinovich2019ccf,
  title={CCF: A framework for building confidential verifiable replicated services},
  author={Russinovich, Mark and Ashton, Edward and Avanessians, Christine and Castro, Miguel and Chamayou, Amaury and Clebsch, Sylvan and Costa, Manuel and Fournet, C{\'e}dric and Kerner, Matthew and Krishna, Sid and others},
  journal={Microsoft, Redmond, WA, USA, Tech. Rep. MSR-TR-2019-16},
  year={2019}
}

@inproceedings{mo2021ppfl,
  title={PPFL: privacy-preserving federated learning with trusted execution environments},
  author={Mo, Fan and Haddadi, Hamed and Katevas, Kleomenis and Marin, Eduard and Perino, Diego and Kourtellis, Nicolas},
  booktitle={Proceedings of the 19th annual international conference on mobile systems, applications, and services},
  pages={94--108},
  year={2021}
}

@INPROCEEDINGS{vc3,
  author={Schuster, Felix and Costa, Manuel and Fournet, Cédric and Gkantsidis, Christos and Peinado, Marcus and Mainar-Ruiz, Gloria and Russinovich, Mark},
  booktitle={2015 IEEE Symposium on Security and Privacy}, 
  title={VC3: Trustworthy Data Analytics in the Cloud Using SGX}, 
  year={2015},
  volume={},
  number={},
  pages={38-54},
  keywords={Program processors;Operating systems;Protocols;Virtual machine monitors;Encryption},
  doi={10.1109/SP.2015.10}}

@inproceedings {twilight,
author = {Maya Dotan and Saar Tochner and Aviv Zohar and Yossi Gilad},
title = {Twilight: A Differentially Private Payment Channel Network},
booktitle = {31st USENIX Security Symposium (USENIX Security 22)},
year = {2022},
isbn = {978-1-939133-31-1},
address = {Boston, MA},
pages = {555--570},
url = {https://www.usenix.org/conference/usenixsecurity22/presentation/dotan},
publisher = {USENIX Association},
month = aug
}

@conference{closer20,
author={Marciano {da Rocha}. and Dalton Cézane Gomes Valadares. and Angelo Perkusich. and Kyller Costa Gorgonio. and Rodrigo Tomaz Pagno. and Newton Carlos Will.},
title={Secure Cloud Storage with Client-side Encryption using a Trusted Execution Environment},
booktitle={Proceedings of the 10th International Conference on Cloud Computing and Services Science - CLOSER},
year={2020},
pages={31-43},
publisher={SciTePress},
organization={INSTICC},
doi={10.5220/0009130600310043},
isbn={978-989-758-424-4},
issn={2184-5042},
}

@article{fei2021security,
  title={Security vulnerabilities of SGX and countermeasures: A survey},
  author={Fei, Shufan and Yan, Zheng and Ding, Wenxiu and Xie, Haomeng},
  journal={ACM Computing Surveys (CSUR)},
  volume={54},
  number={6},
  pages={1--36},
  year={2021},
  publisher={ACM New York, NY, USA}
}

@inproceedings{gupta2016using,
  title={Using intel software guard extensions for efficient two-party secure function evaluation},
  author={Gupta, Debayan and Mood, Benjamin and Feigenbaum, Joan and Butler, Kevin and Traynor, Patrick},
  booktitle={Financial Cryptography and Data Security: FC 2016 International Workshops, BITCOIN, VOTING, and WAHC, Christ Church, Barbados, February 26, 2016, Revised Selected Papers 20},
  pages={302--318},
  year={2016},
  organization={Springer}
}

@article{sasy2017zerotrace,
  title={ZeroTrace: Oblivious memory primitives from Intel SGX},
  author={Sasy, Sajin and Gorbunov, Sergey and Fletcher, Christopher W},
  journal={Cryptology ePrint Archive},
  year={2017}
}

@inproceedings{zheng2017opaque,
  title={Opaque: An oblivious and encrypted distributed analytics platform},
  author={Zheng, Wenting and Dave, Ankur and Beekman, Jethro G and Popa, Raluca Ada and Gonzalez, Joseph E and Stoica, Ion},
  booktitle={14th USENIX Symposium on Networked Systems Design and Implementation (NSDI 17)},
  pages={283--298},
  year={2017}
}

@inproceedings{bellare2001identification,
  title={Identification protocols secure against reset attacks},
  author={Bellare, Mihir and Fischlin, Marc and Goldwasser, Shafi and Micali, Silvio},
  booktitle={Advances in Cryptology—EUROCRYPT 2001: International Conference on the Theory and Application of Cryptographic Techniques Innsbruck, Austria, May 6--10, 2001 Proceedings 20},
  pages={495--511},
  year={2001},
  organization={Springer}
}

@Comment{jabref-meta: databaseType:bibtex;}
